<?xml version="1.0" encoding="utf-8"?>
<record xmlns="http://www.loc.gov/MARC21/slim" xmlns:xsi="http://www.w3.org/2001/XMLSchema-instance" xsi:schemaLocation="http://www.loc.gov/MARC21/slim http://www.loc.gov/standards/marcxml/schema/MARC21slim.xsd">
	<leader>     nam a22        4500</leader>
	<controlfield tag="001">1596356</controlfield>
	<controlfield tag="003">NIC</controlfield>
	<controlfield tag="006">m        d        </controlfield>
	<controlfield tag="007">cr cn |||m|||a</controlfield>
	<controlfield tag="008">170119m20019999le      ob    001 0 arar </controlfield>
	<datafield ind1=" " ind2=" " tag="020">
		<subfield code="z">3515028501</subfield>
	</datafield>
	<datafield ind1=" " ind2=" " tag="020">
		<subfield code="z">9783515028509</subfield>
	</datafield>
	<datafield ind1=" " ind2=" " tag="020">
		<subfield code="z">3879971307</subfield>
	</datafield>
	<datafield ind1=" " ind2=" " tag="020">
		<subfield code="z">9783879971305</subfield>
	</datafield>
	<datafield ind1=" " ind2=" " tag="020">
		<subfield code="z">3860933043</subfield>
	</datafield>
	<datafield ind1=" " ind2=" " tag="020">
		<subfield code="z">9783860933046</subfield>
	</datafield>
	<datafield ind1=" " ind2=" " tag="020">
		<subfield code="z">2912374049</subfield>
	</datafield>
	<datafield ind1=" " ind2=" " tag="020">
		<subfield code="z">9782912374042</subfield>
	</datafield>
	<datafield ind1=" " ind2=" " tag="020">
		<subfield code="z">3879971315</subfield>
	</datafield>
	<datafield ind1=" " ind2=" " tag="020">
		<subfield code="z">9783879971312</subfield>
	</datafield>
	<datafield ind1=" " ind2=" " tag="040">
		<subfield code="a">NNU</subfield>
		<subfield code="b">eng</subfield>
		<subfield code="e">rda</subfield>
		<subfield code="c">NNU</subfield>
	</datafield>
	<datafield ind1=" " ind2=" " tag="043">
		<subfield code="a">aw-----</subfield>
		<subfield code="a">ff-----</subfield>
	</datafield>
	<datafield ind1="0" ind2="0" tag="050">
		<subfield code="a">DS38.5</subfield>
		<subfield code="b">.B34 1978</subfield>
	</datafield>
	<datafield ind1="1" ind2=" " tag="100">
		<subfield code="6">880-01</subfield>
		<subfield code="a">Balādhurī, Aḥmad ibn Yaḥyá,</subfield>
		<subfield code="d">-892.</subfield>
	</datafield>
	<datafield ind1="1" ind2="0" tag="240">
		<subfield code="6">880-02</subfield>
		<subfield code="a">Ansāb al-ashrāf </subfield>
	</datafield>
	<datafield ind1="1" ind2="0" tag="245">
		<subfield code="6">880-03</subfield>
		<subfield code="a">Ansāb al-ashrāf /</subfield>
		<subfield code="c">al-Balādhurī ; taḥqīq ʻAbd al-ʻAzīz al-Dūrī.</subfield>
	</datafield>
	<datafield ind1="1" ind2="5" tag="246">
		<subfield code="a">Ansāb al-ašrāf</subfield>
	</datafield>
	<datafield ind1=" " ind2=" " tag="260">
		<subfield code="6">880-04</subfield>
		<subfield code="a">Bayrūt ;</subfield>
		<subfield code="a">Vīsbādin :</subfield>
		<subfield code="b">Yuṭlabu min F. Shatāynir,</subfield>
		<subfield code="c">&lt;1978-2003&gt;</subfield>
	</datafield>
	<datafield ind1=" " ind2=" " tag="300">
		<subfield code="a">online resource (&lt;volumes 2-3; volumes 4, part 1-2; volumes 5; volumes 7, part 1-2&gt;)</subfield>
	</datafield>
	<datafield ind1=" " ind2=" " tag="336">
		<subfield code="a">text</subfield>
		<subfield code="2">rdacontent</subfield>
	</datafield>
	<datafield ind1=" " ind2=" " tag="337">
		<subfield code="a">computer</subfield>
		<subfield code="2">rdamedia</subfield>
	</datafield>
	<datafield ind1=" " ind2=" " tag="338">
		<subfield code="a">online resource</subfield>
		<subfield code="2">rdacarrier</subfield>
	</datafield>
	<datafield ind1="1" ind2=" " tag="490">
		<subfield code="6">880-05</subfield>
		<subfield code="a">al-Nasharāt al-Islāmīyah,</subfield>
		<subfield code="x">0170-3102 ;</subfield>
		<subfield code="v">juzʼ 28</subfield>
	</datafield>
	<datafield ind1=" " ind2=" " tag="500">
		<subfield code="a">Title on added t.p.: Ansāb al-ašrāf.</subfield>
	</datafield>
	<datafield ind1=" " ind2=" " tag="500">
		<subfield code="a">Vol. &lt;5&gt; has editor: Iḥsān ʻAbbās.</subfield>
	</datafield>
	<datafield ind1=" " ind2=" " tag="500">
		<subfield code="a">Vol. &lt;7, pt. 1&gt; has editor: Ramzī Baʻlabakkī.</subfield>
	</datafield>
	<datafield ind1=" " ind2=" " tag="500">
		<subfield code="a">Part of the Arabic Collections Online (ACO) project, contributed by Cornell University Libraries.</subfield>
	</datafield>
	<datafield ind1=" " ind2=" " tag="504">
		<subfield code="a">Includes bibliographical references and indexes.</subfield>
	</datafield>
	<datafield ind1="1" ind2=" " tag="505">
		<subfield code="a">v. 2 [without special title] / taḥqīq Vīlfird Mādīlūngh -- v. 3. al-ʻAbbās ibn ʻAbd al-Muṭṭalib wa-waladuh -- v. 4. Banū ʻAbd Shams (2 pts.) -- v. 5. Sāʼir furūʻ Quraysh / taḥqīq Iḥsān ʻAbbās -- v. 7, pt. 1. Sāʼir qabāʼil Quraysh / taḥqīq Ramzī Baʻlabakkī -- v. 7, pt. 2. al-Qabāʼil al-Qaysīyah / taḥqīq Muḥammad al-Yaʻlāwī.</subfield>
	</datafield>
	<datafield ind1=" " ind2=" " tag="533">
		<subfield code="a">Electronic reproduction.</subfield>
		<subfield code="b">New York, N.Y. :</subfield>
		<subfield code="c">New York University,</subfield>
		<subfield code="d">2017.</subfield>
		<subfield code="5">NNU</subfield>
	</datafield>
	<datafield ind1=" " ind2="0" tag="651">
		<subfield code="a">Islamic Empire</subfield>
		<subfield code="x">History</subfield>
		<subfield code="y">661-750.</subfield>
	</datafield>
	<datafield ind1="3" ind2="0" tag="600">
		<subfield code="a">Umayyad dynasty</subfield>
		<subfield code="v">Early works to 1800.</subfield>
	</datafield>
	<datafield ind1=" " ind2="0" tag="650">
		<subfield code="a">Arabs</subfield>
		<subfield code="v">Genealogy</subfield>
		<subfield code="v">Early works to 1800.</subfield>
	</datafield>
	<datafield ind1="3" ind2="7" tag="600">
		<subfield code="a">Umayyad dynasty.</subfield>
		<subfield code="2">fast</subfield>
		<subfield code="0">(OCoLC)fst00216801</subfield>
	</datafield>
	<datafield ind1=" " ind2="7" tag="650">
		<subfield code="a">Arabs.</subfield>
		<subfield code="2">fast</subfield>
		<subfield code="0">(OCoLC)fst00812576</subfield>
	</datafield>
	<datafield ind1=" " ind2="7" tag="651">
		<subfield code="a">Islamic Empire.</subfield>
		<subfield code="2">fast</subfield>
		<subfield code="0">(OCoLC)fst01244134</subfield>
	</datafield>
	<datafield ind1=" " ind2="7" tag="648">
		<subfield code="a">661-750</subfield>
		<subfield code="2">fast</subfield>
	</datafield>
	<datafield ind1=" " ind2="7" tag="655">
		<subfield code="a">History</subfield>
		<subfield code="2">fast</subfield>
		<subfield code="0">(OCoLC)fst01411628</subfield>
	</datafield>
	<datafield ind1=" " ind2="7" tag="655">
		<subfield code="a">Early works.</subfield>
		<subfield code="2">fast</subfield>
		<subfield code="0">(OCoLC)fst01411636</subfield>
	</datafield>
	<datafield ind1=" " ind2="7" tag="655">
		<subfield code="a">Genealogy.</subfield>
		<subfield code="2">fast</subfield>
		<subfield code="0">(OCoLC)fst01423818</subfield>
	</datafield>
	<datafield ind1="1" ind2=" " tag="700">
		<subfield code="6">880-06</subfield>
		<subfield code="a">ʻAbbās, Iḥsān. </subfield>
	</datafield>
	<datafield ind1="1" ind2=" " tag="700">
		<subfield code="6">880-07</subfield>
		<subfield code="a">Baʻlabakkī, Ramzī. </subfield>
	</datafield>
	<datafield ind1="1" ind2=" " tag="700">
		<subfield code="6">880-08</subfield>
		<subfield code="a">Dūrī, ʻAbd al-ʻAzīz. </subfield>
	</datafield>
	<datafield ind1="1" ind2=" " tag="700">
		<subfield code="6">880-09</subfield>
		<subfield code="a">Madelung, Wilferd. </subfield>
	</datafield>
	<datafield ind1="1" ind2=" " tag="700">
		<subfield code="6">880-10</subfield>
		<subfield code="a">Yaʻlāwī, Muḥammad. </subfield>
	</datafield>
	<datafield ind1="2" ind2=" " tag="710">
		<subfield code="a">Cornell University.</subfield>
		<subfield code="b">Libraries.</subfield>
	</datafield>
	<datafield ind1="0" ind2=" " tag="730">
		<subfield code="a">Arabic Collections Online.</subfield>
	</datafield>
	<datafield ind1="0" ind2="8" tag="776">
		<subfield code="i">Online version:</subfield>
		<subfield code="a">Balādhurī, Aḥmad ibn Yaḥyá, -892.</subfield>
		<subfield code="t">Ansāb al-ashrāf.</subfield>
		<subfield code="d">Bayrūt ; Vīsbādin : Yuṭlabu min F. Shatāynir, &lt;1978-2003&gt;</subfield>
		<subfield code="w">(OCoLC)891350145</subfield>
	</datafield>
	<datafield ind1="0" ind2="8" tag="776">
		<subfield code="i">Print version:</subfield>
		<subfield code="a">Balādhurī, Aḥmad ibn Yaḥyá, -892.</subfield>
		<subfield code="t">Ansāb al-ashrāf</subfield>
		<subfield code="w">(NIC)1596356</subfield>
		<subfield code="w">(DLC)  81119897 </subfield>
		<subfield code="w">(OCoLC)12107982</subfield>
		<subfield code="z">3515028501</subfield>
		<subfield code="z">9783515028509</subfield>
		<subfield code="z">3879971307</subfield>
		<subfield code="z">9783879971305</subfield>
		<subfield code="z">3860933043</subfield>
		<subfield code="z">9783860933046</subfield>
		<subfield code="z">2912374049</subfield>
		<subfield code="z">9782912374042</subfield>
		<subfield code="z">3879971315</subfield>
		<subfield code="z">9783879971312</subfield>
	</datafield>
	<datafield ind1=" " ind2="0" tag="830">
		<subfield code="6">880-11</subfield>
		<subfield code="a">Nasharāt al-Islāmīyah ;</subfield>
		<subfield code="v">juzʼ 28.</subfield>
	</datafield>
	<datafield ind1="4" ind2="0" tag="856">
		<subfield code="u">http://hdl.handle.net/2333.1/rr4xh22w</subfield>
	</datafield>
	<datafield ind1="1" ind2=" " tag="880">
		<subfield code="6">100-01</subfield>
		<subfield code="a">بلاذري، أحمد بن يحيى،</subfield>
		<subfield code="d">-892.</subfield>
	</datafield>
	<datafield ind1="1" ind2="0" tag="880">
		<subfield code="6">240-02</subfield>
		<subfield code="a">أنساب الأشراف</subfield>
	</datafield>
	<datafield ind1="1" ind2="0" tag="880">
		<subfield code="6">245-03</subfield>
		<subfield code="a">أنساب الأشراف /</subfield>
		<subfield code="c">البلاذري ؛ تحقيق عبد العزيز الدوري.</subfield>
	</datafield>
	<datafield ind1=" " ind2=" " tag="880">
		<subfield code="6">260-04</subfield>
		<subfield code="a">بيروت ؛</subfield>
		<subfield code="a">?بڤيسبادن :</subfield>
		<subfield code="b">يطلب من دار النشر فرانتس شتاينر،</subfield>
		<subfield code="c">1978-</subfield>
	</datafield>
	<datafield ind1="1" ind2=" " tag="880">
		<subfield code="6">490-05</subfield>
		<subfield code="a">النشرات الإسلامية ؛</subfield>
		<subfield code="v">جزء 28</subfield>
	</datafield>
	<datafield ind1="1" ind2=" " tag="880">
		<subfield code="6">700-06</subfield>
		<subfield code="a">عباس، إحسان.</subfield>
	</datafield>
	<datafield ind1="1" ind2=" " tag="880">
		<subfield code="6">700-07</subfield>
		<subfield code="a">بعلبكي، رمزي.</subfield>
	</datafield>
	<datafield ind1="1" ind2=" " tag="880">
		<subfield code="6">700-08</subfield>
		<subfield code="a">دوري، عبد العزيز.</subfield>
	</datafield>
	<datafield ind1="1" ind2=" " tag="880">
		<subfield code="6">700-09</subfield>
		<subfield code="a">ماديلونغ،?يلفرد.</subfield>
	</datafield>
	<datafield ind1="1" ind2=" " tag="880">
		<subfield code="6">700-10</subfield>
		<subfield code="a">يعلاوي، محمد.</subfield>
	</datafield>
	<datafield ind1=" " ind2="0" tag="880">
		<subfield code="6">830-11</subfield>
		<subfield code="a">نشرات الإسلامية ؛</subfield>
		<subfield code="v">جزء 28.</subfield>
	</datafield>
	<datafield ind1=" " ind2=" " tag="959">
		<subfield code="a">NNU</subfield>
		<subfield code="b">WEB</subfield>
		<subfield code="c">GENI</subfield>
		<subfield code="t">0</subfield>
		<subfield code="m">Electronic access</subfield>
		<subfield code="s">01</subfield>
	</datafield>
	<datafield ind1=" " ind2=" " tag="999">
		<subfield code="i">NIC_1596356</subfield>
		<subfield code="o">(OCoLC)ocm12107982</subfield>
		<subfield code="s">cornell_aco000669:juz 28:qism 3</subfield>
		<subfield code="s">cornell_aco000674:juz 28:qism 4</subfield>
		<subfield code="s">cornell_aco000675:juz 28:qism 7/1</subfield>
		<subfield code="s">cornell_aco000676:juz 28:qism 7/2</subfield>
		<subfield code="s">cornell_aco000677:juz 28:qism 2</subfield>
		<subfield code="e">(ERROR-880)</subfield>
		<subfield code="s">cornell_aco000669:juz 28:qism 3</subfield>
		<subfield code="s">cornell_aco000674:juz 28:qism 4</subfield>
		<subfield code="s">cornell_aco000675:juz 28:qism 7/1</subfield>
		<subfield code="s">cornell_aco000676:juz 28:qism 7/2</subfield>
		<subfield code="s">cornell_aco000677:juz 28:qism 2</subfield>
	</datafield>
</record>
